@article{barnosky2012,
  title =	 {Approaching a state shift in Earth's biosphere},
  author =	 {Barnosky, Anthony D and Hadly, Elizabeth A and
                  Bascompte, Jordi and Berlow, Eric L and Brown, James
                  H and Fortelius, Mikael and Getz, Wayne M and Harte,
                  John and Hastings, Alan and Marquet, Pablo A and
                  others},
  journal =	 {Nature},
  volume =	 486,
  number =	 7401,
  pages =	 {52--58},
  year =	 2012,
  publisher =	 {Nature Publishing Group}
}

@article{benton2000quality,
  title =	 {Quality of the fossil record through time},
  author =	 {Benton, Michael J and Wills, MA and Hitchin,
                  Rebecca},
  journal =	 {Nature},
  volume =	 403,
  number =	 6769,
  pages =	 {534--537},
  year =	 2000,
  publisher =	 {Nature Publishing Group}
}

@article{blois2010,
  title =	 {Small mammal diversity loss in response to
                  late-Pleistocene climatic change},
  author =	 {Blois, Jessica L and McGuire, Jenny L and Hadly,
                  Elizabeth A},
  journal =	 {Nature},
  volume =	 465,
  number =	 7299,
  pages =	 {771--774},
  year =	 2010,
  publisher =	 {Nature Publishing Group}
}

@book{brown1995,
  Address =	 {Chicago},
  Author =	 {James H. Brown},
  Publisher =	 {Chicago University Press},
  Title =	 {Macroecology},
  Year =	 1995
}

@article{davidsonErwin2006,
  title =	 {Gene regulatory networks and the evolution of animal
                  body plans},
  author =	 {Davidson, Eric H and Erwin, Douglas H},
  journal =	 {Science},
  volume =	 311,
  number =	 5762,
  pages =	 {796--800},
  year =	 2006,
  publisher =	 {American Association for the Advancement of Science}
}

@article{gibson2014,
  title =	 {Simultaneous assessment of the macrobiome and
                  microbiome in a bulk sample of tropical arthropods
                  through DNA metasystematics},
  author =	 {Gibson, Joel and Shokralla, Shadi and Porter,
                  Teresita M and King, Ian and van Konynenburg, Steven
                  and Janzen, Daniel H and Hallwachs, Winnie and
                  Hajibabaei, Mehrdad},
  journal =	 {Proceedings of the National Academy of Sciences},
  volume =	 111,
  number =	 22,
  pages =	 {8007--8012},
  year =	 2014,
  publisher =	 {National Acad Sciences}
}

@article{harmon2015amNat,
  title =	 {Species Diversity Is Dynamic and Unbounded at Local
                  and Continental Scales},
  author =	 {Harmon, Luke J and Harrison, Susan},
  journal =	 {The American Naturalist},
  volume =	 185,
  number =	 5,
  pages =	 {584--593},
  year =	 2015
}

@book{harte2011,
  title =	 {The Maximum Entropy Theory of Ecology},
  author =	 {Harte, John},
  year =	 2011,
  publisher =	 {Oxford University Press}
}

@article{harteNewman,
  title =	 {Maximum information entropy: a foundation for
                  ecological theory},
  author =	 {Harte, John and Newman, Erica A},
  journal =	 {Trends in ecology \& evolution},
  volume =	 29,
  number =	 7,
  pages =	 {384--389},
  year =	 2014,
  publisher =	 {Elsevier}
}

@book{hubbell2001,
  Author =	 {Stephan P. Hubbell},
  Keywords =	 {neutral theory, biodiversity, biogeography},
  Publisher =	 {Princeton University Press},
  Title =	 {The unified neutral theory of biodiversity and
                  biogeography},
  Year =	 2001
}

@book{kimura,
  title =	 {The neutral theory of molecular evolution},
  author =	 {Kimura, Motoo},
  year =	 1984,
  publisher =	 {Cambridge University Press}
}

@article{levin1999,
  title =	 {Towards a science of ecological management},
  author =	 {Levin, Simon A},
  journal =	 {Conservation Ecology},
  volume =	 3,
  number =	 2,
  pages =	 6,
  year =	 1999
}

@book{macWilson,
  title =	 {The theory of island biogeography},
  author =	 {MacArthur, Robert H. and Wilson, Edward O.},
  year =	 1967,
  publisher =	 {Princeton University Press}
}

@book{maurer1999,
  title =	 {Untangling ecological complexity: the macroscopic
                  perspective},
  author =	 {Brian A. Maurer},
  year =	 1999,
  publisher =	 {University of Chicago Press}
}

@article{mccormack2013,
  title =	 {Applications of next-generation sequencing to
                  phylogeography and phylogenetics},
  author =	 {McCormack, John E and Hird, Sarah M and Zellmer,
                  Amanda J and Carstens, Bryan C and Brumfield, Robb
                  T},
  journal =	 {Molecular Phylogenetics and Evolution},
  volume =	 66,
  number =	 2,
  pages =	 {526--538},
  year =	 2013,
  publisher =	 {Elsevier}
}

@article{mcgill2003spatial,
  title =	 {A unified theory for macroecology based on spatial
                  patterns of abundance},
  author =	 {McGill, Brian and Collins, Cathy},
  journal =	 {Evolutionary Ecology Research},
  volume =	 5,
  number =	 4,
  pages =	 {469--492},
  year =	 2003,
  publisher =	 {Evolutionary Ecology, Ltd.}
}

@article{nei2010,
  title =	 {The neutral theory of molecular evolution in the
                  genomic era},
  author =	 {Nei, Masatoshi and Suzuki, Yoshiyuki and Nozawa,
                  Masafumi},
  journal =	 {Annual review of genomics and human genetics},
  volume =	 11,
  pages =	 {265--289},
  year =	 2010,
  publisher =	 {Annual Reviews}
}

@article{nielsen2005,
  title =	 {Molecular signatures of natural selection},
  author =	 {Nielsen, Rasmus},
  journal =	 {Annu. Rev. Genet.},
  volume =	 39,
  pages =	 {197--218},
  year =	 2005,
  publisher =	 {Annual Reviews}
}

@article{quental2010,
  Author =	 {Quental, Tiago B and Marshall, Charles R},
  Journal =	 {Trends in Ecology and Evolution},
  Keywords =	 {fossil record, phylogeny},
  Number =	 8,
  Pages =	 {434--441},
  Title =	 {Diversity dynamics: molecular phylogenies need the
                  fossil record},
  Volume =	 25,
  Year =	 2010
}

@article{quental2013,
  title =	 {How the Red Queen Drives Terrestrial Mammals to
                  Extinction},
  author =	 {Quental, Tiago B and Marshall, Charles R},
  journal =	 {Science},
  year =	 2013,
  publisher =	 {American Association for the Advancement of Science}
}

@article{rabosky2009ecolLett,
  Author =	 {Rabosky, Daniel L},
  Journal =	 {Ecology Letters},
  Number =	 8,
  Pages =	 {735--743},
  Publisher =	 {Wiley Online Library},
  Title =	 {Ecological limits and diversification rate:
                  alternative paradigms to explain the variation in
                  species richness among clades and regions},
  Volume =	 12,
  Year =	 2009
}

@article{rabosky2015amNat,
  title =	 {Species Richness at Continental Scales Is Dominated
                  by Ecological Limits},
  author =	 {Rabosky, Daniel L and Hurlbert, Allen H and
                  President, ASN and Moderator, Debate and Price,
                  Trevor},
  journal =	 {The American Naturalist},
  volume =	 185,
  number =	 5,
  pages =	 {572--583},
  year =	 2015,
  publisher =	 {University of Chicago Press Chicago, IL}
}

@article{raboskyExtinct,
  title =	 {Extinction rates should not be estimated from
                  molecular phylogenies},
  author =	 {Rabosky, Daniel L},
  journal =	 {Evolution},
  volume =	 64,
  number =	 6,
  pages =	 {1816--1824},
  year =	 2010,
  publisher =	 {Wiley Online Library}
}

@article{rominger2015GEB,
  title =	 {Community assembly on isolated islands: macroecology
                  meets evolution},
  author =	 {Rominger, AJ and Goodman, KR and Lim, JY and
                  Armstrong, EE and Becking, LE and Bennett, GM and
                  Brewer, MS and Cotoras, DD and Ewing, CP and Harte,
                  J and others},
  journal =	 {Global Ecology and Biogeography},
  year =	 2015,
  publisher =	 {Wiley Online Library}
}

@article{shipley2006,
  title =	 {From plant traits to plant communities: a
                  statistical mechanistic approach to biodiversity},
  author =	 {Shipley, Bill and Vile, Denis and Garnier, {\'E}ric},
  journal =	 {science},
  volume =	 314,
  number =	 5800,
  pages =	 {812--814},
  year =	 2006,
  publisher =	 {American Association for the Advancement of Science}
}

@article{simberloff1970,
  title =	 {Experimental zoogeography of islands. A two-year
                  record of colonization},
  author =	 {Simberloff, Daniel S and Wilson, Edward O},
  journal =	 {Ecology},
  pages =	 {934--937},
  year =	 1970,
  publisher =	 {JSTOR}
}

@article{taberlet2012,
  title =	 {Towards next-generation biodiversity assessment
                  using DNA metabarcoding},
  author =	 {Taberlet, Pierre and Coissac, Eric and Pompanon,
                  Francois and Brochmann, Christian and Willerslev,
                  Eske},
  journal =	 {Molecular Ecology},
  volume =	 21,
  number =	 8,
  pages =	 {2045--2050},
  year =	 2012,
  publisher =	 {Wiley Online Library}
}

@article{terry2011,
  title =	 {Predicting small-mammal responses to climatic
                  warming: autecology, geographic range, and the
                  Holocene fossil record},
  author =	 {Terry, Rebecca C and Li, Cheng Lily and Hadly,
                  Elizabeth A},
  journal =	 {Global Change Biology},
  volume =	 17,
  number =	 10,
  pages =	 {3019--3034},
  year =	 2011,
  publisher =	 {Wiley Online Library}
}

@article{wagner2006,
  title =	 {Abundance distributions imply elevated complexity of
                  post-Paleozoic marine ecosystems},
  author =	 {Wagner, Peter J and Kosnik, Matthew A and Lidgard,
                  Scott},
  journal =	 {Science},
  volume =	 314,
  number =	 5803,
  pages =	 {1289--1292},
  year =	 2006,
  publisher =	 {American Association for the Advancement of Science}
}

@article{yu2012,
  title =	 {Biodiversity soup: metabarcoding of arthropods for
                  rapid biodiversity assessment and biomonitoring},
  author =	 {Yu, Douglas W and Ji, Yinqiu and Emerson, Brent C
                  and Wang, Xiaoyang and Ye, Chengxi and Yang, Chunyan
                  and Ding, Zhaoli},
  journal =	 {Methods in Ecology and Evolution},
  volume =	 3,
  number =	 4,
  pages =	 {613--623},
  year =	 2012,
  publisher =	 {Wiley Online Library}
}


@article{borer2014,
  title={Herbivores and nutrients control grassland plant diversity via light limitation},
  author={Borer, Elizabeth T and Seabloom, Eric W and Gruner, Daniel S and Harpole, W Stanley and Hillebrand, Helmut and Lind, Eric M and Adler, Peter B and Alberti, Juan and Anderson, T Michael and Bakker, Jonathan D and others},
  journal={Nature},
  volume={508},
  number={7497},
  pages={517--520},
  year={2014},
  publisher={Nature Publishing Group}
}

@article{mittelbach2015,
  title={Ecological and evolutionary perspectives on community assembly},
  author={Mittelbach, Gary G and Schemske, Douglas W},
  journal={Trends in ecology \& evolution},
  volume={30},
  number={5},
  pages={241--247},
  year={2015},
  publisher={Elsevier}
}

@article{harte2015ecolLett,
  title={Integrating macroecological metrics and community taxonomic structure},
  author={Harte, John and Rominger, Andrew and Zhang, Wenyu},
  journal={Ecology Letters},
  volume={18},
  number={10},
  pages={1068--1077},
  year={2015},
  publisher={Wiley Online Library}
}