@article{Saitoh2016,
  title =	 {A quantitative protocol for DNA metabarcoding of
                  springtails (Collembola) 1},
  author =	 {Saitoh, Seikoh and Aoyama, Hiroaki and Fujii, Saori
                  and Sunagawa, Haruki and Nagahama, Hideki and
                  Akutsu, Masako and Shinzato, Naoya and Kaneko,
                  Nobuhiro and Nakamori, Taizo},
  journal =	 {Genome},
  volume =	 59,
  number =	 9,
  pages =	 {705--723},
  year =	 2016,
  publisher =	 {NRC Research Press}
}

@article{Yu2012,
  author =	 {Yu, Douglas W. and Ji, Yinqiu and Emerson, Brent
                  C. and Wang, Xiaoyang and Ye, Chengxi and Yang,
                  Chunyan and Ding, Zhaoli},
  doi =		 {10.1111/j.2041-210X.2012.00198.x},
  issn =	 {2041210X},
  journal =	 {Methods in Ecology and Evolution},
  number =	 4,
  pages =	 {613--623},
  title =	 {{Biodiversity soup: metabarcoding of arthropods for
                  rapid biodiversity assessment and biomonitoring}},
  url =
                  {http://doi.wiley.com/10.1111/j.2041-210X.2012.00198.x},
  volume =	 3,
  year =	 2012
}

@article{adler2007,
  title =	 "A niche for neutrality",
  author =	 "Adler, Peter B and HilleRisLambers, Janneke and
                  Levine, Jonathan M",
  journal =	 "Ecol. Lett.",
  publisher =	 "Blackwell Publishing Ltd",
  volume =	 10,
  number =	 2,
  pages =	 "95--104",
  year =	 2007
}

@article{adler2010,
  title =	 "Coexistence of perennial plants: an embarrassment of
                  niches",
  author =	 "Adler, Peter B and Ellner, Stephen P and Levine,
                  Jonathan M",
  journal =	 "Ecol. Lett.",
  pages =	 "no--no",
  year =	 2010
}

@article{alroy2008,
  title =	 "Phanerozoic Trends in the Global Diversity of Marine
                  Invertebrates",
  author =	 "Alroy, John and Aberhan, Martin and Bottjer, David J
                  and Foote, Michael and F{\"u}rsich, Franz T and
                  Harries, Peter J and Hendy, Austin J W and Holland,
                  Steven M and Ivany, Linda C and Kiessling, Wolfgang
                  and Kosnik, Matthew A and Marshall, Charles R and
                  McGowan, Alistair J and Miller, Arnold I and
                  Olszewski, Thomas D and Patzkowsky, Mark E and
                  Peters, Shanan E and Villier,
                  Lo\textbackslash``\textbackslashic and Wagner, Peter
                  J and Bonuso, Nicole and Borkow, Philip S and
                  Brenneis, Benjamin and Clapham, Matthew E and Fall,
                  Leigh M and Ferguson, Chad A and Hanson, Victoria L
                  and Krug, Andrew Z and Layou, Karen M and Leckey,
                  Erin H and N{\"u}rnberg, Sabine and Powers,
                  Catherine M and Sessa, Jocelyn A and Simpson, Carl
                  and Toma{\v s}ov{\'y}ch, Adam and Visaggi, Christy
                  C",
  journal =	 "Science",
  volume =	 321,
  pages =	 "97--100",
  year =	 2008
}

@article{alroy2010,
  title =	 "The Shifting Balance of Diversity Among Major Marine
                  Animal Groups",
  author =	 "Alroy, J",
  journal =	 "Science",
  volume =	 329,
  number =	 5996,
  pages =	 "1191--1194",
  year =	 2010
}

@article{alter2007,
  title =	 "{DNA} evidence for historic population size and past
                  ecosystem impacts of gray whales",
  author =	 "Alter, S E and Rynes, E and Palumbi, S R",
  journal =	 "Proc. Natl. Acad. Sci. U. S. A.",
  volume =	 104,
  pages =	 "15162--15167",
  year =	 2007
}

@article{angly2014,
  title =	 {CopyRighter: a rapid tool for improving the accuracy
                  of microbial community profiles through
                  lineage-specific gene copy number correction},
  author =	 {Angly, Florent E and Dennis, Paul G and Skarshewski,
                  Adam and Vanwonterghem, Inka and Hugenholtz, Philip
                  and Tyson, Gene W},
  journal =	 {Microbiome},
  volume =	 2,
  number =	 1,
  pages =	 11,
  year =	 2014,
  publisher =	 {BioMed Central}
}

@article{arbogast2001,
  title =	 "Comparative phylogeography as an integrative
                  approach to historical biogeography",
  author =	 "Arbogast, B S and Kenagy, G J",
  journal =	 "J. Biogeogr.",
  volume =	 28,
  pages =	 "819--825",
  year =	 2001
}

@article{avise1987,
  title =	 "Intraspecific phylogeography: The mitochondrial
                  {DNA} bridge between population genetics and
                  systematics",
  author =	 "Avise, J C and Arnold, J and Ball, R M and
                  Bermingham, E and Lamb, T and Neigel, J E and Reeb,
                  C A and Saunders, N C",
  journal =	 "Annu. Rev. Ecol. Syst.",
  volume =	 18,
  pages =	 "489--522",
  year =	 1987
}

@article{avise1998,
  title =	 "The history and purview of phylogeography: a
                  personal reflection",
  author =	 "Avise, J C",
  journal =	 "Mol. Ecol.",
  volume =	 7,
  pages =	 "371--379",
  year =	 1998
}

@article{bahlo2000,
  title =	 "Inference from gene trees in a subdivided
                  population",
  author =	 "Bahlo, M and Griffiths, R C",
  journal =	 "Theor. Popul. Biol.",
  volume =	 57,
  pages =	 "79--95",
  year =	 2000
}

@article{baldridge2016,
  title =	 {An extensive comparison of species-abundance
                  distribution models},
  author =	 {Baldridge, Elita and Harris, David J and Xiao, Xiao
                  and White, Ethan P},
  journal =	 {PeerJ},
  volume =	 4,
  pages =	 {e2823},
  year =	 2016,
  publisher =	 {PeerJ Inc.}
}

@article{barnosky2012,
  title =	 "Approaching a state shift in Earth/'s biosphere",
  author =	 "Barnosky, Anthony D and Hadly, Elizabeth A and
                  Bascompte, Jordi and Berlow, Eric L and Brown, James
                  H and Fortelius, Mikael and Getz, Wayne M and Harte,
                  John and Hastings, Alan and Marquet, Pablo A and
                  {Others}",
  journal =	 "Nature",
  publisher =	 "Nature Publishing Group",
  volume =	 486,
  number =	 7401,
  pages =	 "52--58",
  year =	 2012
}

@article{barton1998,
  title =	 "The effect of hitch-hiking on neutral genealogies",
  author =	 "Barton, N H",
  journal =	 "Genet. Res.",
  publisher =	 "Cambridge University Press",
  volume =	 72,
  number =	 02,
  pages =	 "123--133",
  year =	 1998
}

@article{barton2000,
  title =	 "Genetic hitchhiking",
  author =	 "Barton, N H",
  journal =	 "Philos. Trans. R. Soc. Lond. B Biol. Sci.",
  publisher =	 "rstb.royalsocietypublishing.org",
  volume =	 355,
  number =	 1403,
  pages =	 "1553--1562",
  year =	 2000
}

@article{beaumont2010,
  title =	 "Approximate Bayesian computation in evolution and
                  ecology",
  author =	 "Beaumont, M",
  journal =	 "Annu. Rev. Ecol. Evol. Syst.",
  publisher =	 "Annual Reviews 4139 El Camino Way, PO Box 10139,
                  Palo Alto, California 94303-0139, USA",
  volume =	 41,
  number =	 1,
  pages =	 "379--406",
  year =	 2010
}

@article{beerli2001,
  title =	 "Maximum likelihood estimation of a migration matrix
                  and effective population sizes in n subpopulations
                  by using a coalescent approach",
  author =	 "Beerli, P and Felsenstein, J",
  journal =	 "Proc. Natl. Acad. Sci. U. S. A.",
  volume =	 98,
  number =	 8,
  pages =	 "4563--4568",
  year =	 2001
}

@article{benton2009,
  title =	 {The Red Queen and the Court Jester: species
                  diversity and the role of biotic and abiotic factors
                  through time},
  author =	 {Benton, Michael J},
  journal =	 {science},
  volume =	 323,
  number =	 5915,
  pages =	 {728--732},
  year =	 2009,
  publisher =	 {American Association for the Advancement of Science}
}

@article{blonder2015,
  title =	 {Linking environmental filtering and disequilibrium
                  to biogeography with a community climate framework},
  author =	 {Blonder, Benjamin and Nogu{\'e}s-Bravo, David and
                  Borregaard, Michael K and Donoghue, II and John, C
                  and J{\o}rgensen, Peter M and Kraft, Nathan JB and
                  Lessard, Jean-Philippe and Morueta-Holme, Naia and
                  Sandel, Brody and others},
  journal =	 {Ecology},
  volume =	 96,
  number =	 4,
  pages =	 {972--985},
  year =	 2015,
  publisher =	 {Wiley Online Library}
}

@article{bohmann2014,
  title =	 {Environmental DNA for wildlife biology and
                  biodiversity monitoring},
  author =	 {Bohmann, Kristine and Evans, Alice and Gilbert, M
                  Thomas P and Carvalho, Gary R and Creer, Simon and
                  Knapp, Michael and Douglas, W Yu and De Bruyn, Mark},
  journal =	 {Trends in Ecology \& Evolution},
  volume =	 29,
  number =	 6,
  pages =	 {358--367},
  year =	 2014,
  publisher =	 {Elsevier}
}

@article{boitard2016,
  title =	 "Inferring Population Size History from Large Samples
                  of {Genome-Wide} Molecular Data - An Approximate
                  Bayesian Computation Approach",
  author =	 "Boitard, Simon and Rodr{\'\i}guez, Willy and Jay,
                  Flora and Mona, Stefano and Austerlitz,
                  Fr{\'e}d{\'e}ric",
  journal =	 "PLoS Genet.",
  publisher =	 "journals.plos.org",
  volume =	 12,
  number =	 3,
  pages =	 "e1005877",
  year =	 2016
}

@article{bowler2012,
  title =	 "On the statistical mechanics of species abundance
                  distributions",
  author =	 "Bowler, Michael G and Kelly, Colleen K",
  journal =	 "Theor. Popul. Biol.",
  publisher =	 "Elsevier Inc.",
  volume =	 82,
  number =	 2,
  pages =	 "85--91",
  year =	 2012
}

@article{brown2016,
  title =	 "Predicting the genetic consequences of future
                  climate change: The power of coupling spatial
                  demography, the coalescent, and historical landscape
                  changes",
  author =	 "Brown, Jason L and Weber, Jennifer J and
                  Alvarado-Serrano, Diego F and Hickerson, Michael J
                  and Franks, Steven J and Carnaval, Ana C",
  journal =	 "Am. J. Bot.",
  publisher =	 "Botanical Soc America",
  volume =	 103,
  number =	 1,
  pages =	 "153--163",
  year =	 2016
}

@article{burbrink2015,
  title =	 "Predicting community structure in snakes on Eastern
                  Nearctic islands using ecological neutral theory and
                  phylogenetic methods",
  author =	 "Burbrink, Frank T and McKelvy, Alexander D and
                  Pyron, R Alexander and Myers, Edward A",
  journal =	 "Proceedings of the Royal Society B: Biological
                  Sciences",
  volume =	 282,
  number =	 1819,
  pages =	 20151700,
  year =	 2015
}

@article{capo2016,
  title =	 {Long-term dynamics in microbial eukaryotes
                  communities: a palaeolimnological view based on
                  sedimentary DNA},
  author =	 {Capo, Eric and Debroas, Didier and Arnaud, Fabien
                  and Guillemot, Typhaine and Bichet, Vincent and
                  Millet, Laurent and Gauthier, Emilie and Massa,
                  Charly and Develle, Anne-Lise and Pignol, C{\'e}cile
                  and others},
  journal =	 {Molecular Ecology},
  volume =	 25,
  number =	 23,
  pages =	 {5925--5943},
  year =	 2016,
  publisher =	 {Wiley Online Library}
}

@article{carstens2005,
  title =	 "Investigating the evolutionary history of the
                  Pacific Northwest mesic forest ecosystem: Hypothesis
                  testing within a comparative phylogeographic
                  framework",
  author =	 "Carstens, B C and Brunsfeld, S J and Demboski, J R
                  and Good, J D and Sullivan, J",
  journal =	 "Evolution",
  volume =	 59,
  pages =	 "1639--1652",
  year =	 2005
}

@article{carstens2016,
  title =	 "Community trees: Identifying codiversification in
                  the P{\'a}ramo dipteran community",
  author =	 "Carstens, Bryan C and Gruenstaeudl, Michael and
                  Reid, Noah M",
  journal =	 "Evolution",
  publisher =	 "Wiley Online Library",
  volume =	 70,
  number =	 5,
  pages =	 "1080--1093",
  year =	 2016
}

@article{chan2014,
  title =	 "Detecting concerted demographic response across
                  community assemblages using hierarchical approximate
                  Bayesian computation",
  author =	 "Chan, Yvonne L and Schanzenbach, David and
                  Hickerson, Michael J",
  journal =	 "Mol. Biol. Evol.",
  publisher =	 "SMBE",
  pages =	 "msu187",
  year =	 2014
}

@article{charlesworth2010,
  title =	 "Don't forget the ancestral polymorphisms",
  author =	 "Charlesworth, D",
  journal =	 "Heredity",
  publisher =	 "nature.com",
  volume =	 105,
  number =	 6,
  pages =	 "509--510",
  year =	 2010
}

@article{chesson2000,
  title =	 "Mechanisms of maintenance of species diversity",
  author =	 "Chesson, Peter",
  journal =	 "Annu. Rev. Ecol. Syst.",
  publisher =	 "Annual Reviews 4139 El Camino Way, PO Box 10139,
                  Palo Alto, CA 94303-0139, USA",
  volume =	 31,
  number =	 1,
  pages =	 "343--366",
  year =	 2000
}

@article{coissac2016,
  title =	 {From barcodes to genomes: extending the concept of
                  DNA barcoding},
  author =	 {Coissac, Eric and Hollingsworth, Peter M and
                  Lavergne, Sebastien and Taberlet, Pierre},
  journal =	 {Molecular ecology},
  year =	 2016,
  publisher =	 {Wiley Online Library}
}

@article{cruickshank2014,
  title =	 "Reanalysis suggests that genomic islands of
                  speciation are due to reduced diversity, not reduced
                  gene flow",
  author =	 "Cruickshank, Tami E and Hahn, Matthew W",
  journal =	 "Mol. Ecol.",
  publisher =	 "Wiley Online Library",
  volume =	 23,
  number =	 13,
  pages =	 "3133--3157",
  year =	 2014
}

@article{davies2011,
  title =	 "{NEUTRAL} {BIODIVERSITY} {THEORY} {CAN} {EXPLAIN}
                  {THE} {IMBALANCE} {OF} {PHYLOGENETIC} {TREES} {BUT}
                  {NOT} {THE} {TEMPO} {OF} {THEIR} {DIVERSIFICATION}",
  author =	 "Davies, T Jonathan and Allen, Andrew P and
                  Borda-de-{\'A}gua, Lu{\'\i}s and Regetz, Jim and
                  Meli{\'a}n, Carlos J",
  journal =	 "Evolution",
  volume =	 65,
  number =	 7,
  pages =	 "1841--1850",
  year =	 2011
}

@article{dawson2016,
  title =	 {Quantifying pollen-vegetation relationships to
                  reconstruct ancient forests using 19th-century
                  forest composition and pollen data},
  author =	 {Dawson, Andria and Paciorek, Christopher J and
                  McLachlan, Jason S and Goring, Simon and Williams,
                  John W and Jackson, Stephen T},
  journal =	 {Quaternary Science Reviews},
  volume =	 137,
  pages =	 {156--175},
  year =	 2016,
  publisher =	 {Elsevier}
}

@article{dexter2012,
  title =	 "Historical effects on beta diversity and community
                  assembly in Amazonian trees",
  author =	 "Dexter, Kyle G and Terborgh, John W and Cunningham,
                  Clifford W",
  journal =	 "Proc. Natl. Acad. Sci. U. S. A.",
  publisher =	 "National Acad Sciences",
  volume =	 109,
  number =	 20,
  pages =	 "7787--7792",
  year =	 2012
}

@article{dodsworth2015,
  title =	 {Genome skimming for next-generation biodiversity
                  analysis},
  author =	 {Dodsworth, Steven},
  journal =	 {Trends in plant science},
  volume =	 20,
  number =	 9,
  pages =	 {525--527},
  year =	 2015,
  publisher =	 {Elsevier Current Trends}
}

@article{drummond2005,
  title =	 "Bayesian coalescent inference of past population
                  dynamics from molecular sequences",
  author =	 "Drummond, A J and Rambaut, A and Shapiro, B and
                  Pybus, O G",
  journal =	 "Mol. Biol. Evol.",
  publisher =	 "SMBE",
  volume =	 22,
  number =	 5,
  pages =	 "1185--1192",
  year =	 2005
}

@article{edwards2000,
  title =	 "Perspective: gene divergence, population divergence,
                  and the variance in coalescence time in
                  phylogeographic studies",
  author =	 "Edwards, S V and Beerli, P",
  journal =	 "Evolution",
  volume =	 54,
  number =	 6,
  pages =	 "1839--1854",
  year =	 2000
}

@article{elbrecht2015,
  title =	 {Can DNA-based ecosystem assessments quantify species
                  abundance? Testing primer bias and biomass—sequence
                  relationships with an innovative metabarcoding
                  protocol},
  author =	 {Elbrecht, Vasco and Leese, Florian},
  journal =	 {PloS one},
  volume =	 10,
  number =	 7,
  pages =	 {e0130324},
  year =	 2015,
  publisher =	 {Public Library of Science}
}

@article{emerson2002,
  title =	 "Evolution on oceanic islands: molecular phylogenetic
                  approaches to understanding pattern and process",
  author =	 "Emerson, B C",
  journal =	 "Mol. Ecol.",
  publisher =	 "Wiley Online Library",
  volume =	 11,
  number =	 6,
  pages =	 "951--966",
  year =	 2002
}

@article{emerson2008,
  title =	 "Phylogenetic analysis of community assembly and
                  structure over space and time",
  author =	 "Emerson, B C and Gillespie, R G",
  journal =	 "Trends Ecol. Evol.",
  volume =	 23,
  number =	 11,
  pages =	 "619--630",
  year =	 2008
}

@article{engen1996gamma,
  title =	 "Population Dynamic Models Generating Species
                  Abundance Distributions of the Gamma Type",
  author =	 "Engen, Steinar and Lande, Russell",
  journal =	 "J. Theor. Biol.",
  publisher =	 "Elsevier",
  volume =	 178,
  number =	 3,
  pages =	 "325--331",
  year =	 1996
}

@article{engen1996lnorm,
  title =	 "Population dynamic models generating the lognormal
                  species abundance distribution",
  author =	 "Engen, S and Lande, R",
  journal =	 "Math. Biosci.",
  publisher =	 "Elsevier",
  volume =	 132,
  number =	 2,
  pages =	 "169--183",
  year =	 1996
}

@article{erwin2008,
  title =	 {Macroevolution of ecosystem engineering, niche
                  construction and diversity},
  author =	 {Erwin, Douglas H},
  journal =	 {Trends in Ecology \& Evolution},
  volume =	 23,
  number =	 6,
  pages =	 {304--310},
  year =	 2008,
  publisher =	 {Elsevier}
}

@article{estoup2003,
  title =	 "Bayesian inferences on the recent island
                  colonization history by the bird Zosterops lateralis
                  lateralis",
  author =	 "Estoup, A and Clegg, S M",
  journal =	 "Mol. Ecol.",
  publisher =	 "Wiley Online Library",
  volume =	 12,
  number =	 3,
  pages =	 "657--674",
  year =	 2003
}

@article{estoup2004,
  title =	 "Genetic analysis of complex demographic scenarios:
                  spatially expanding populations of the cane toad,
                  Bufo marinus",
  author =	 "Estoup, A and Beaumont, B A and Sennedot, F and
                  Moritz, C and Cornuet, J-M",
  journal =	 "Evolution",
  volume =	 58,
  pages =	 "2021--2036",
  year =	 2004
}

@article{etienne2004,
  title =	 "A novel genealogical approach to neutral
                  biodiversity theory",
  author =	 "Etienne, Rampal S and Olff, Han",
  journal =	 "Ecol. Lett.",
  volume =	 7,
  number =	 3,
  pages =	 "170--175",
  year =	 2004
}

@article{etienne2007,
  title =	 {A neutral sampling formula for multiple samples and
                  an 'exact' test of neutrality},
  author =	 {Etienne, Rampal S},
  journal =	 {Ecology letters},
  volume =	 10,
  number =	 7,
  pages =	 {608--618},
  year =	 2007,
  publisher =	 {Wiley Online Library}
}

@article{etienne2011,
  title =	 {Prolonging the past counteracts the pull of the
                  present: protracted speciation can explain observed
                  slowdowns in diversification},
  author =	 {Etienne, Rampal S and Rosindell, James},
  journal =	 {Systematic Biology},
  pages =	 {syr091},
  year =	 2011,
  publisher =	 {Oxford University Press}
}

@article{etienne2012,
  title =	 "A conceptual and statistical framework for adaptive
                  radiations with a key role for diversity dependence",
  author =	 "Etienne, Rampal S and Haegeman, Bart",
  journal =	 "Am. Nat.",
  publisher =	 "University of Chicago PressChicago, IL",
  volume =	 180,
  number =	 4,
  pages =	 "E75--E89",
  year =	 2012
}

@article{ewing2016,
  title =	 "The consequences of not accounting for background
                  selection in demographic inference",
  author =	 "Ewing, G B and Jensen, J D",
  journal =	 "Mol. Ecol.",
  publisher =	 "Wiley Online Library",
  year =	 2016
}

@article{freedman2016,
  title =	 "Demographically-based evaluation of genomic regions
                  under selection in domestic dogs",
  author =	 "Freedman, Adam H and Schweizer, Rena M and
                  Ortega-Del Vecchyo, Diego and Han, Eunjung and
                  Davis, Brian W and Gronau, Ilan and Silva, Pedro M
                  and Galaverni, Marco and Fan, Zhenxin and Marx,
                  Peter and {Others}",
  journal =	 "PLoS Genet.",
  publisher =	 "Public Library of Science",
  volume =	 12,
  number =	 3,
  pages =	 "e1005851",
  year =	 2016
}

@article{gibson2014,
  title =	 {Simultaneous assessment of the macrobiome and
                  microbiome in a bulk sample of tropical arthropods
                  through DNA metasystematics},
  author =	 {Gibson, Joel and Shokralla, Shadi and Porter,
                  Teresita M and King, Ian and van Konynenburg, Steven
                  and Janzen, Daniel H and Hallwachs, Winnie and
                  Hajibabaei, Mehrdad},
  journal =	 {Proceedings of the National Academy of Sciences},
  volume =	 111,
  number =	 22,
  pages =	 {8007--8012},
  year =	 2014,
  publisher =	 {National Acad Sciences}
}

@article{godoy2014,
  title =	 "Phylogenetic relatedness and the determinants of
                  competitive outcomes",
  author =	 "Godoy, Oscar and Kraft, Nathan J B and Levine,
                  Jonathan M",
  journal =	 "Ecol. Lett.",
  publisher =	 "Wiley Online Library",
  volume =	 17,
  number =	 7,
  pages =	 "836--844",
  year =	 2014
}

@article{good2014,
  title =	 "Genetic diversity in the interference selection
                  limit",
  author =	 "Good, Benjamin H and Walczak, Aleksandra M and
                  Neher, Richard A and Desai, Michael M",
  journal =	 "PLoS Genet.",
  publisher =	 "journals.plos.org",
  volume =	 10,
  number =	 3,
  pages =	 "e1004222",
  year =	 2014
}

@article{gray2014,
  title =	 "Demographic history of a recent invasion of house
                  mice on the isolated Island of Gough",
  author =	 "Gray, Melissa M and Wegmann, Daniel and Haasl, Ryan
                  J and White, Michael A and Gabriel, Sofia I and
                  Searle, Jeremy B and Cuthbert, Richard J and Ryan,
                  Peter G and Payseur, Bret A",
  journal =	 "Mol. Ecol.",
  publisher =	 "Wiley Online Library",
  volume =	 23,
  number =	 8,
  pages =	 "1923--1939",
  year =	 2014
}

@article{harnik2011,
  title =	 "Direct and indirect effects of biological factors on
                  extinction risk in fossil bivalves",
  author =	 "Harnik, Paul G",
  journal =	 "Proceedings of the National Academy of Sciences",
  publisher =	 "National Acad Sciences",
  volume =	 108,
  number =	 33,
  pages =	 "13594--13599",
  year =	 2011
}

@article{harte2009,
  title =	 "Biodiversity scales from plots to biomes with a
                  universal species-area curve",
  author =	 "Harte, John and Smith, Adam B and Storch, David",
  journal =	 "Ecol. Lett.",
  volume =	 12,
  number =	 8,
  pages =	 "789--797",
  year =	 2009
}

@book{harte2011,
  title =	 "The Maximum Entropy Theory of Ecology",
  author =	 "Harte, J",
  publisher =	 "Oxford University Press",
  year =	 2011
}

@article{hewitt2004,
  title =	 "Genetic consequences of climatic oscillations in the
                  Quaternary",
  author =	 "Hewitt, G M",
  journal =	 "Philos. Trans. R. Soc. Lond. B Biol. Sci.",
  publisher =	 "The Royal Society",
  volume =	 359,
  number =	 1442,
  pages =	 183,
  year =	 2004
}

@article{hey2004,
  title =	 "Multilocus methods for estimating population sizes,
                  migration rates and divergence time, with
                  applications to the divergence of Drosophila
                  pseudoobscura and D. persimilis",
  author =	 "Hey, Jody and Nielsen, Rasmus",
  journal =	 "Genetics",
  publisher =	 "Genetics Soc America",
  volume =	 167,
  number =	 2,
  pages =	 "747--760",
  year =	 2004
}

@article{hickerson2005,
  title =	 "Contrasting Quaternary histories in an ecologically
                  divergent pair of low-dispersing intertidal fish
                  (Xiphister) revealed by multi-locus {DNA} analysis",
  author =	 "Hickerson, M J and Cunningham, C W",
  journal =	 "Evolution",
  volume =	 59,
  pages =	 "344--360",
  year =	 2005
}

@article{hickerson2006,
  title =	 "Test for simultaneous divergence using approximate
                  Bayesian computation",
  author =	 "Hickerson, Michael J and Stahl, Eli A and Lessios, H
                  A",
  journal =	 "Evolution",
  volume =	 60,
  number =	 12,
  pages =	 "2435--2453",
  year =	 2006
}

@article{hickerson2008,
  title =	 "Testing comparative phylogeographic models of marine
                  vicariance and dispersal using a hierarchical
                  Bayesian approach",
  author =	 "Hickerson, M J and Meyer, C",
  journal =	 "BMC Evol. Biol.",
  volume =	 8,
  pages =	 322,
  year =	 2008
}

@article{hickerson2014,
  title =	 "Recommendations for using msBayes to incorporate
                  uncertainty in selecting an abc model prior: a
                  response to oaks et Al",
  author =	 "Hickerson, Michael J and Stone, Graham N and Lohse,
                  Konrad and Demos, Terrence C and Xie, Xiaoou and
                  Landerer, Cedric and Takebayashi, Naoki",
  journal =	 "Evolution",
  volume =	 68,
  number =	 1,
  pages =	 "284--294",
  year =	 2014
}

@article{hillerislambers2012,
  title =	 "Rethinking Community Assembly through the Lens of
                  Coexistence Theory",
  author =	 "HilleRisLambers, J and Adler, P B and Harpole, W S
                  and Levine, J M and Mayfield, M M",
  journal =	 "Annual Review of",
  publisher =	 "Annual Reviews",
  year =	 2012
}

@article{hoban2016,
  title =	 "Finding the Genomic Basis of Local Adaptation:
                  Pitfalls, Practical Solutions, and Future
                  Directions",
  author =	 "Hoban, Sean and Kelley, Joanna L and Lotterhos,
                  Katie E and Antolin, Michael F and Bradburd, Gideon
                  and Lowry, David B and Poss, Mary L and Reed, Laura
                  K and Storfer, Andrew and Whitlock, Michael C",
  journal =	 "Am. Nat.",
  publisher =	 "journals.uchicago.edu",
  volume =	 188,
  number =	 4,
  pages =	 "379--397",
  year =	 2016
}

@book{hubbell2001,
  title =	 "The unified neutral theory of biodiversity and
                  biogeography",
  author =	 "Hubbell, S P",
  publisher =	 "Princeton University Press",
  volume =	 32,
  year =	 2001
}

@article{hubbell2005,
  title =	 "The neutral theory of biodiversity and biogeography
                  and Stephen Jay Gould",
  author =	 "Hubbell, Stephen P",
  journal =	 "Paleobiology",
  publisher =	 "The Paleontological Society",
  volume =	 31,
  number =	 "sp5",
  pages =	 "122--132",
  year =	 2005
}

@article{hudson1983,
  title =	 "Properties of a neutral model with intragenic
                  recombination",
  author =	 "Hudson, R R",
  journal =	 "Theor. Popul. Biol.",
  volume =	 23,
  pages =	 "183--201",
  year =	 1983
}

@article{hutch,
  title =	 {Homage to Santa Rosalia or why are there so many
                  kinds of animals?},
  author =	 {Hutchinson, G Evelyn},
  journal =	 {The American Naturalist},
  volume =	 93,
  number =	 870,
  pages =	 {145--159},
  year =	 1959,
  publisher =	 {Science Press}
}

@article{jabot2009,
  title =	 "Inferring the parameters of the neutral theory of
                  biodiversity using phylogenetic information and
                  implications for tropical forests",
  author =	 "Jabot, Franck and Chave, J{\'e}r{\^o}me",
  journal =	 "Ecol. Lett.",
  publisher =	 "Blackwell Publishing Ltd",
  volume =	 12,
  number =	 3,
  pages =	 "239--248",
  year =	 2009
}

@article{jensen2005,
  title =	 "Distinguishing between selective sweeps and
                  demography using {DNA} polymorphism data",
  author =	 "Jensen, Jeffrey D and Kim, Yuseob and DuMont,
                  Vanessa Bauer and Aquadro, Charles F and Bustamante,
                  Carlos D",
  journal =	 "Genetics",
  publisher =	 "Genetics Soc America",
  volume =	 170,
  number =	 3,
  pages =	 "1401--1410",
  year =	 2005
}

@article{ji2013,
  title =	 {Reliable, verifiable and efficient monitoring of
                  biodiversity via metabarcoding},
  author =	 {Ji, Yinqiu and Ashton, Louise and Pedley, Scott M
                  and Edwards, David P and Tang, Yong and Nakamura,
                  Akihiro and Kitching, Roger and Dolman, Paul M and
                  Woodcock, Paul and Edwards, Felicity A and others},
  journal =	 {Ecology letters},
  volume =	 16,
  number =	 10,
  pages =	 {1245--1257},
  year =	 2013,
  publisher =	 {Wiley Online Library}
}

@article{joseph2016,
  title =	 "Demographic inference under a spatially continuous
                  coalescent model",
  author =	 "Joseph, T A and Hickerson, M J and Alvarado-Serrano,
                  D F",
  journal =	 "Heredity",
  publisher =	 "nature.com",
  volume =	 117,
  number =	 2,
  pages =	 "94--99",
  year =	 2016
}

@article{kelleher2016,
  title =	 {Efficient coalescent simulation and genealogical
                  analysis for large sample sizes},
  author =	 {Kelleher, Jerome and Etheridge, Alison M and McVean,
                  Gilean},
  journal =	 {PLoS Comput Biol},
  volume =	 12,
  number =	 5,
  pages =	 {e1004842},
  year =	 2016,
  publisher =	 {Public Library of Science}
}

@article{kendall1948,
  title =	 "On the Generalized ``{Birth-and-Death}'' Process",
  author =	 "Kendall, David G",
  journal =	 "Ann. Math. Stat.",
  volume =	 19,
  number =	 1,
  pages =	 "1--15",
  year =	 1948
}

@article{kendall1948fisher,
  title =	 "On Some Modes of Population Growth Leading to
                  R. A. Fisher's Logarithmic Series Distribution",
  author =	 "Kendall, David G",
  journal =	 "Biometrika",
  volume =	 35,
  number =	 1,
  pages =	 "6--15",
  year =	 1948
}

@article{kern2016,
  title =	 "Discoal: flexible coalescent simulations with
                  selection",
  author =	 "Kern, Andrew D and Schrider, Daniel R",
  journal =	 "Bioinformatics",
  publisher =	 "Oxford Univ Press",
  volume =	 32,
  number =	 24,
  pages =	 "3839--3841",
  year =	 2016
}

@article{kim2002,
  title =	 "Detecting a local signature of genetic hitchhiking
                  along a recombining chromosome",
  author =	 "Kim, Yuseob and Stephan, Wolfgang",
  journal =	 "Genetics",
  publisher =	 "Genetics Soc America",
  volume =	 160,
  number =	 2,
  pages =	 "765--777",
  year =	 2002
}

@article{kingman1982japplprob,
  title =	 "On the genealogy of large populations",
  author =	 "Kingman, J F C",
  journal =	 "J. Appl. Probab.",
  volume =	 "19a",
  pages =	 "27--43",
  year =	 1982
}

@article{kingman1982stochasti,
  title =	 "The coalescent",
  author =	 "Kingman, J F C",
  journal =	 "Stochastic Process. Appl.",
  volume =	 13,
  pages =	 "235--248",
  year =	 1982
}

@article{kirchner1998,
  title =	 "No fractals in fossil extinction statistics",
  author =	 "Kirchner, James W and Weil, Anne",
  journal =	 "Nature",
  volume =	 395,
  pages =	 "337--338",
  year =	 1998
}

@article{krehenwinkel2016,
  title =	 {A cost-efficient and simple protocol to enrich prey
                  DNA from extractions of predatory arthropods for
                  large-scale gut content analysis by Illumina
                  sequencing},
  author =	 {Krehenwinkel, Henrik and Kennedy, Susan and
                  Pek{\'a}r, Stano and Gillespie, Rosemary G},
  journal =	 {Methods in Ecology and Evolution},
  year =	 2016,
  publisher =	 {Wiley Online Library}
}

@article{kuhlwilm2016,
  title =	 "Ancient gene flow from early modern humans into
                  Eastern Neanderthals",
  author =	 "Kuhlwilm, Martin and Gronau, Ilan and Hubisz,
                  Melissa J and de Filippo, Cesare and Prado-Martinez,
                  Javier and Kircher, Martin and Fu, Qiaomei and
                  Burbano, Hern{\'a}n A and Lalueza-Fox, Carles and de
                  la Rasilla, Marco and Rosas, Antonio and Rudan,
                  Pavao and Brajkovic, Dejana and Kucan, {\v Z}eljko
                  and Gu{\v s}ic, Ivan and Marques-Bonet, Tomas and
                  Andr{\'e}s, Aida M and Viola, Bence and
                  P{\"a}{\"a}bo, Svante and Meyer, Matthias and
                  Siepel, Adam and Castellano, Sergi",
  journal =	 "Nature",
  publisher =	 "nature.com",
  volume =	 530,
  number =	 7591,
  pages =	 "429--433",
  year =	 2016
}

@article{kuhner1998,
  title =	 "Maximum likelihood estimation of population growth
                  rates based on the coalescent",
  author =	 "Kuhner, M K and Yamato, J and Felsenstein, J",
  journal =	 "Genetics",
  volume =	 149,
  pages =	 "429--434",
  year =	 1998
}

@article{laroche2015,
  title =	 "A neutral theory for interpreting correlations
                  between species and genetic diversity in
                  communities",
  author =	 "Laroche, Fabien and Jarne, Philippe and Lamy, Thomas
                  and David, Patrice and Massol, Francois",
  journal =	 "Am. Nat.",
  publisher =	 "JSTOR",
  volume =	 185,
  number =	 1,
  pages =	 "59--69",
  year =	 2015
}

@article{lavergne2010,
  title =	 "Biodiversity and Climate Change: Integrating
                  Evolutionary and Ecological Responses of Species and
                  Communities",
  author =	 "Lavergne, S{\'e}bastien and Mouquet, Nicolas and
                  Thuiller, Wilfried and Ronce, Oph{\'e}lie",
  journal =	 "Annu. Rev. Ecol. Evol. Syst.",
  volume =	 41,
  number =	 1,
  pages =	 "321--350",
  year =	 2010
}

@article{leray2015,
  title =	 {DNA barcoding and metabarcoding of standardized
                  samples reveal patterns of marine benthic diversity},
  author =	 {Leray, Matthieu and Knowlton, Nancy},
  journal =	 {Proceedings of the National Academy of Sciences},
  volume =	 112,
  number =	 7,
  pages =	 {2076--2081},
  year =	 2015,
  publisher =	 {National Acad Sciences}
}

@article{levine2009,
  title =	 "The importance of niches for the maintenance of
                  species diversity",
  author =	 "Levine, Jonathan M and HilleRisLambers, Janneke",
  journal =	 "Nature",
  publisher =	 "nature.com",
  volume =	 461,
  number =	 7261,
  pages =	 "254--257",
  year =	 2009
}

@article{li2016,
  title =	 "Testing the Neutral Theory of Biodiversity with
                  Human Microbiome Datasets",
  author =	 "Li, Lianwei and Ma, Zhanshan Sam",
  journal =	 "Sci. Rep.",
  publisher =	 "ncbi.nlm.nih.gov",
  volume =	 6,
  pages =	 31448,
  year =	 2016
}

@article{linard2015,
  title =	 {Metagenome skimming of insect specimen pools:
                  potential for comparative genomics},
  author =	 {Linard, Benjamin and Crampton-Platt, Alex and
                  Gillett, Conrad PDT and Timmermans, Martijn JTN and
                  Vogler, Alfried P},
  journal =	 {Genome biology and evolution},
  volume =	 7,
  number =	 6,
  pages =	 {1474--1489},
  year =	 2015,
  publisher =	 {Oxford University Press}
}

@article{liu2016,
  title =	 {Mitochondrial capture enriches mito-DNA 100 fold,
                  enabling PCR-free mitogenomics biodiversity
                  analysis},
  author =	 {Liu, Shanlin and Wang, Xin and Xie, Lin and Tan,
                  Meihua and Li, Zhenyu and Su, Xu and Zhang, Hao and
                  Misof, Bernhard and Kjer, Karl M and Tang, Min and
                  others},
  journal =	 {Molecular ecology resources},
  volume =	 16,
  number =	 2,
  pages =	 {470--479},
  year =	 2016,
  publisher =	 {Wiley Online Library}
}

@article{losos2008,
  title =	 "Phylogenetic niche conservatism, phylogenetic signal
                  and the relationship between phylogenetic
                  relatedness and ecological similarity among species",
  author =	 "Losos, Jonathan B",
  journal =	 "Ecol. Lett.",
  volume =	 11,
  number =	 10,
  pages =	 "995--1007",
  year =	 2008
}

@book{macarthur1967,
  title =	 "The theory of island biogeography",
  author =	 "MacArthur, R H and Wilson, E O",
  publisher =	 "Princeton University Press",
  year =	 1967
}

@article{mallet2016,
  title =	 "How reticulated are species?",
  author =	 "Mallet, James and Besansky, Nora and Hahn, Matthew
                  W",
  journal =	 "Bioessays",
  publisher =	 "Wiley Online Library",
  volume =	 38,
  number =	 2,
  pages =	 "140--149",
  year =	 2016
}

@article{mayfield2010,
  title =	 "Opposing effects of competitive exclusion on the
                  phylogenetic structure of communities",
  author =	 "Mayfield, Margaret M and Levine, Jonathan M",
  journal =	 "Ecol. Lett.",
  volume =	 13,
  number =	 9,
  pages =	 "1085--1093",
  year =	 2010
}

@article{mazet2015,
  title =	 "On the importance of being structured: instantaneous
                  coalescence rates and human evolution---lessons for
                  ancestral population size inference?",
  author =	 "Mazet, O and Rodr{\'\i}guez, W and Grusea, S and
                  Boitard, S and Chikhi, L",
  journal =	 "Heredity",
  publisher =	 "Nature Publishing Group",
  volume =	 116,
  number =	 4,
  pages =	 "362--371",
  year =	 2015
}

@article{mcgaughran2015,
  title =	 "Integrating a Population Genomics Focus into
                  Biogeographic and Macroecological Research",
  author =	 "McGaughran, Angela",
  journal =	 "Front. Ecol. Evol.",
  publisher =	 "Frontiers",
  volume =	 3,
  year =	 2015
}

@article{mcgill2003,
  title =	 "Strong and weak tests of macroecological theory",
  author =	 "McGill, B",
  journal =	 "Oikos",
  publisher =	 "Munksgaard International Publishers",
  volume =	 102,
  number =	 3,
  pages =	 "679--685",
  year =	 2003
}

@article{mcgill2007,
  title =	 "Species abundance distributions: moving beyond
                  single prediction theories to integration within an
                  ecological framework",
  author =	 "McGill, Brian J and Etienne, Rampal S and Gray, John
                  S and Alonso, David and Anderson, Marti J and
                  Benecha, Habtamu Kassa and Dornelas, Maria and
                  Enquist, Brian J and Green, Jessica L and He,
                  Fangliang and Hurlbert, Allen H and Magurran, Anne E
                  and Marquet, Pablo A and Maurer, Brian A and
                  Ostling, Annette and Soykan, Candan U and Ugland,
                  Karl I and White, Ethan P",
  journal =	 "Ecol. Lett.",
  publisher =	 "Wiley Online Library",
  volume =	 10,
  number =	 10,
  pages =	 "995--1015",
  year =	 2007
}

@article{mcgill2010,
  title =	 {Towards a unification of unified theories of
                  biodiversity},
  author =	 {McGill, Brian J},
  journal =	 {Ecology Letters},
  volume =	 13,
  number =	 5,
  pages =	 {627--642},
  year =	 2010,
  publisher =	 {Wiley Online Library}
}

@article{meirmans2012,
  title =	 "The trouble with isolation by distance",
  author =	 "Meirmans, Patrick G",
  journal =	 "Mol. Ecol.",
  publisher =	 "Wiley Online Library",
  volume =	 21,
  number =	 12,
  pages =	 "2839--2846",
  year =	 2012
}

@article{meteR,
  title =	 {meteR: an R package for testing the maximum entropy
                  theory of ecology},
  author =	 {Rominger, Andrew J and Merow, Cory},
  journal =	 {Methods in Ecology and Evolution},
  volume =	 8,
  number =	 2,
  pages =	 {241--247},
  year =	 2017,
  publisher =	 {Wiley Online Library}
}

@article{neill2009,
  title =	 {A competitive coexistence principle?},
  author =	 {Neill, Cathy and Daufresne, Tanguy and Jones, Clive
                  G},
  journal =	 {Oikos},
  volume =	 118,
  number =	 10,
  pages =	 {1570--1578},
  year =	 2009,
  publisher =	 {Wiley Online Library}
}

@article{nielsen2014,
  title =	 {Identification and assembly of genomes and genetic
                  elements in complex metagenomic samples without
                  using reference genomes},
  author =	 {Nielsen, H Bj{\o}rn and Almeida, Mathieu and
                  Juncker, Agnieszka Sierakowska and Rasmussen, Simon
                  and Li, Junhua and Sunagawa, Shinichi and Plichta,
                  Damian R and Gautier, Laurent and Pedersen, Anders G
                  and Le Chatelier, Emmanuelle and others},
  journal =	 {Nature biotechnology},
  volume =	 32,
  number =	 8,
  pages =	 {822--828},
  year =	 2014,
  publisher =	 {Nature Research}
}

@article{nosil2008,
  title =	 "Speciation with gene flow could be common",
  author =	 "Nosil, P",
  journal =	 "Mol. Ecol.",
  volume =	 17,
  number =	 9,
  pages =	 "2103--2106",
  year =	 2008
}

@article{olszewski2004,
  title =	 "Dynamic response of Permian brachiopod communities
                  to long-term environmental change",
  author =	 "Olszewski, Thomas D and Erwin, Douglas H",
  journal =	 "Nature",
  publisher =	 "nature.com",
  volume =	 428,
  number =	 6984,
  pages =	 "738--741",
  year =	 2004
}

@article{overcast,
  title =	 {Integrating community assembly models and
                  comparative population genetics.},
  author =	 {Overcast, I. A. and Hickerson, M. J.},
  year =	 {{in prep.}},
}

@article{papadopoulou2011,
  title =	 "Testing the {Species--Genetic} Diversity Correlation
                  in the Aegean Archipelago: Toward a
                  {Haplotype-Based} Macroecology?",
  author =	 "Papadopoulou, Anna and Anastasiou, Ioannis and
                  Spagopoulou, Foteini and Stalimerou, Malda and
                  Terzopoulou, Sofia and Legakis, Anastasios and
                  Vogler, Alfried P and {Associate Editor: Diane
                  S. Srivastava} and {Editor: Judith L. Bronstein}",
  journal =	 "Am. Nat.",
  publisher =	 "[University of Chicago Press, American Society of
                  Naturalists]",
  volume =	 178,
  number =	 2,
  pages =	 "241--255",
  year =	 2011
}

@article{papadopoulou2016,
  title =	 "Toward a paradigm shift in comparative
                  phylogeography driven by trait-based hypotheses",
  author =	 "Papadopoulou, Anna and Knowles, L Lacey",
  journal =	 "Proc. Natl. Acad. Sci. U. S. A.",
  publisher =	 "National Acad Sciences",
  volume =	 113,
  number =	 29,
  pages =	 "8018--8024",
  year =	 2016
}

@article{petkova2016,
  title =	 "Visualizing spatial population structure with
                  estimated effective migration surfaces",
  author =	 "Petkova, Desislava and Novembre, John and Stephens,
                  Matthew",
  journal =	 "Nat. Genet.",
  publisher =	 "nature.com",
  volume =	 48,
  number =	 1,
  pages =	 "94--100",
  year =	 2016
}

@article{phung2016,
  title =	 "Determining the Effect of Natural Selection on
                  Linked Neutral Divergence across Species",
  author =	 "Phung, Tanya N and Huber, Christian D and
                  Lohmueller, Kirk E",
  journal =	 "PLoS Genet.",
  publisher =	 "journals.plos.org",
  volume =	 12,
  number =	 8,
  pages =	 "e1006199",
  year =	 2016
}

@article{pompanon2012,
  title =	 {Who is eating what: diet assessment using next
                  generation sequencing},
  author =	 {Pompanon, Francois and Deagle, Bruce E and
                  Symondson, William OC and Brown, David S and Jarman,
                  Simon N and Taberlet, Pierre},
  journal =	 {Molecular ecology},
  volume =	 21,
  number =	 8,
  pages =	 {1931--1950},
  year =	 2012,
  publisher =	 {Wiley Online Library}
}

@article{prado-martinez2013,
  title =	 "Great ape genetic diversity and population history",
  author =	 "Prado-Martinez, J and Sudmant, P H and Kidd, J M and
                  Li, H and Kelley, J L and Lorente-Galdos, B and
                  Veeramah, K R and Woerner, A E and O’Connor, T D and
                  Santpere, G and {Others}",
  journal =	 "Nature",
  publisher =	 "Nature Publishing Group",
  volume =	 499,
  number =	 7459,
  pages =	 "471--475",
  year =	 2013
}

@article{prates2016,
  title =	 "Inferring responses to climate dynamics from
                  historical demography in neotropical forest lizards",
  author =	 "Prates, Ivan and Xue, Alexander T and Brown, Jason L
                  and Alvarado-Serrano, Diego F and Rodrigues, Miguel
                  T and Hickerson, Michael J and Carnaval, Ana C",
  journal =	 "Proceedings of the National Academy of Sciences",
  publisher =	 "National Acad Sciences",
  volume =	 113,
  number =	 29,
  pages =	 "7978--7985",
  year =	 2016
}

@article{pritchard1999,
  title =	 "Population growth of human {Y} chromosomes: a study
                  of {Y} chromosome microsatellites",
  author =	 "Pritchard, J K and Seielstad, M T and A.,
                  Perez-Lezaun and Feldman, M W",
  journal =	 "Mol. Biol. Evol.",
  volume =	 16,
  pages =	 "1791--1798",
  year =	 1999
}

@article{pueyo2007,
  title =	 {The maximum entropy formalism and the idiosyncratic
                  theory of biodiversity},
  author =	 {Pueyo, Salvador and He, Fangliang and Zillio,
                  Tommaso},
  journal =	 {Ecology Letters},
  volume =	 10,
  number =	 11,
  pages =	 {1017--1028},
  year =	 2007,
  publisher =	 {Wiley Online Library}
}

@article{quental2009,
  title =	 "{EXTINCTION} {DURING} {EVOLUTIONARY} {RADIATIONS}:
                  {RECONCILING} {THE} {FOSSIL} {RECORD} {WITH}
                  {MOLECULAR} {PHYLOGENIES}",
  author =	 "Quental, Tiago B and Marshall, Charles R",
  journal =	 "Evolution",
  publisher =	 "Blackwell Publishing Inc",
  volume =	 63,
  number =	 12,
  pages =	 "3158--3167",
  year =	 2009
}

@article{rabosky2008evolution,
  title =	 "Explosive evolutionary radiations: decreasing
                  speciation or increasing extinction through time?",
  author =	 "Rabosky, Daniel L and Lovette, Irby J",
  journal =	 "Evolution",
  volume =	 62,
  number =	 8,
  pages =	 "1866--1875",
  year =	 2008
}

@article{rabosky2008proceedin,
  title =	 "Density-dependent diversification in North American
                  wood warblers",
  author =	 "Rabosky, D L and Lovette, I J",
  journal =	 "Proceedings of the Royal Society B: Biological
                  Sciences",
  volume =	 275,
  number =	 1649,
  pages =	 "2363--2371",
  year =	 2008
}

@article{rabosky2009,
  title =	 "Ecological limits and diversification rate:
                  alternative paradigms to explain the variation in
                  species richness among clades and regions",
  author =	 "Rabosky, Daniel L",
  journal =	 "Ecol. Lett.",
  publisher =	 "Wiley Online Library",
  volume =	 12,
  number =	 8,
  pages =	 "735--743",
  year =	 2009
}

@article{rabosky2013,
  title =	 "Diversity-dependence, ecological speciation, and the
                  role of competition in macroevolution",
  author =	 "Rabosky, Daniel L",
  journal =	 "Annu. Rev. Ecol. Evol. Syst.",
  volume =	 44,
  year =	 2013
}

@article{redQueen,
  title =	 {A new evolutionary law},
  author =	 {Van Valen, Leigh},
  journal =	 {Evolutionary theory},
  volume =	 1,
  pages =	 {1--30},
  year =	 1973
}

@article{ricklefs2006,
  title =	 "The unified neutral theory of biodiversity: do the
                  numbers add up?",
  author =	 "Ricklefs, Robert E",
  journal =	 "Ecology",
  publisher =	 "Eco Soc America",
  volume =	 87,
  number =	 6,
  pages =	 "1424--1431",
  year =	 2006
}

@article{ricklefs2007,
  title =	 "History and Diversity: Explorations at the
                  Intersection of Ecology and Evolution",
  author =	 "Ricklefs, Robert E",
  journal =	 "Am. Nat.",
  volume =	 170,
  number =	 "S2",
  pages =	 "S56--S70",
  year =	 2007
}

@article{robinson2014,
  title =	 "{ABC} inference of multi-population divergence with
                  admixture from unphased population genomic data",
  author =	 "Robinson, J D and Bunnefeld, L and Hearn, J and
                  Stone, G N and Hickerson, M J",
  journal =	 "Mol. Ecol.",
  publisher =	 "Wiley Online Library",
  volume =	 23,
  number =	 18,
  pages =	 "4458--4471",
  year =	 2014
}

@article{rominger2015,
  title =	 "Community assembly on isolated islands: macroecology
                  meets evolution",
  author =	 "Rominger, A J and Goodman, K R and Lim, J Y and
                  Armstrong, E E and Becking, L E and Bennett, G M and
                  Brewer, M S and Cotoras, D D and Ewing, C P and
                  Harte, J and {Others}",
  journal =	 "Glob. Ecol. Biogeogr.",
  year =	 2015
}

@article{rosenberg2002,
  title =	 "Genealogical trees, coalescent theory and the
                  analysis of genetic polymorphisms",
  author =	 "Rosenberg, N A and Nordborg, M",
  journal =	 "Nat. Rev. Genet.",
  volume =	 3,
  number =	 5,
  pages =	 "380--390",
  year =	 2002
}

@article{rosindell2010,
  title =	 "Protracted speciation revitalizes the neutral theory
                  of biodiversity",
  author =	 "Rosindell, James and Cornell, Stephen J and Hubbell,
                  Stephen P and Etienne, Rampal S",
  journal =	 "Ecol. Lett.",
  volume =	 13,
  number =	 6,
  pages =	 "716--727",
  year =	 2010
}

@article{rosindell2015,
  title =	 "Unifying ecology and macroevolution with
                  individual-based theory",
  author =	 "Rosindell, James and Harmon, Luke J and Etienne,
                  Rampal S",
  journal =	 "Ecol. Lett.",
  publisher =	 "Wiley Online Library",
  volume =	 18,
  number =	 5,
  pages =	 "472--482",
  year =	 2015
}

@article{roux2016,
  title =	 "Shedding Light on the Grey Zone of Speciation along
                  a Continuum of Genomic Divergence",
  author =	 "Roux, Camille and Fra{\"\i}sse, Christelle and
                  Romiguier, Jonathan and Anciaux, Yoann and Galtier,
                  Nicolas and Bierne, Nicolas",
  journal =	 "PLoS Biol.",
  publisher =	 "journals.plos.org",
  volume =	 14,
  number =	 12,
  pages =	 "e2000234",
  year =	 2016
}

@article{satler2016,
  title =	 "Phylogeographic concordance factors quantify
                  phylogeographic congruence among co-distributed
                  species in the Sarracenia alata pitcher plant
                  system",
  author =	 "Satler, J D and Carstens, B C",
  journal =	 "Evolution",
  publisher =	 "Wiley Online Library",
  year =	 2016
}

@article{schiffels2014,
  title =	 "Inferring human population size and separation
                  history from multiple genome sequences",
  author =	 "Schiffels, Stephan and Durbin, Richard",
  journal =	 "Nat. Genet.",
  publisher =	 "nature.com",
  volume =	 46,
  number =	 8,
  pages =	 "919--925",
  year =	 2014
}

@article{schrider2016,
  title =	 "Effects of Linked Selective Sweeps on Demographic
                  Inference and Model Selection",
  author =	 "Schrider, Daniel R and Shanku, Alexander G and Kern,
                  Andrew D",
  journal =	 "Genetics",
  publisher =	 "Genetics Soc America",
  volume =	 204,
  number =	 3,
  pages =	 "1207--1223",
  year =	 2016
}

@article{sepkoski1984,
  title =	 "A Kinetic Model of Phanerozoic Taxonomic
                  Diversity. {III}.  {Post-Paleozoic} Families and
                  Mass Extinctions",
  author =	 "Sepkoski, J J",
  journal =	 "Paleobiology",
  volume =	 10,
  pages =	 "246--267",
  year =	 1984
}

@article{shapiro2016,
  title =	 "What is speciation?",
  author =	 "Shapiro, B Jesse and Leducq, Jean-Baptiste and
                  Mallet, James",
  journal =	 "PLoS Genet.",
  publisher =	 "Public Library of Science",
  volume =	 12,
  number =	 3,
  pages =	 "e1005860",
  year =	 2016
}

@article{shipley2006,
  title =	 "From Plant Traits to Plant Communities: A
                  Statistical Mechanistic Approach to Biodiversity",
  author =	 "Shipley, B and Vile, D and Garnier, E",
  journal =	 "Science",
  year =	 2006
}

@article{shokralla2015,
  title =	 {Massively parallel multiplex DNA sequencing for
                  specimen identification using an Illumina MiSeq
                  platform},
  author =	 {Shokralla, Shadi and Porter, Teresita M and Gibson,
                  Joel F and Dobosz, Rafal and Janzen, Daniel H and
                  Hallwachs, Winnie and Golding, G Brian and
                  Hajibabaei, Mehrdad},
  journal =	 {Scientific reports},
  volume =	 5,
  pages =	 9687,
  year =	 2015,
  publisher =	 {Nature Publishing Group}
}

@article{slatkin1991,
  title =	 "Pairwise comparisons of mitochondrial {DNA}
                  sequences in stable and exponentially growing
                  populations",
  author =	 "Slatkin, M and Hudson, R R",
  journal =	 "Genetics",
  volume =	 129,
  pages =	 "555--562",
  year =	 1991
}

@article{slatkin2005,
  title =	 "Seeing ghosts: the effect of unsampled populations
                  on migration rates estimated for sampled
                  populations",
  author =	 "Slatkin, Montgomery",
  journal =	 "Mol. Ecol.",
  publisher =	 "Wiley Online Library",
  volume =	 14,
  number =	 1,
  pages =	 "67--73",
  year =	 2005
}

@article{smith2012,
  title =	 "Evaluating the role of contracting and expanding
                  rainforest in initiating cycles of speciation across
                  the Isthmus of Panama",
  author =	 "Smith, Brian Tilston and Amei, Amei and Klicka,
                  John",
  journal =	 "Proc. Biol. Sci.",
  publisher =	 "rspb.royalsocietypublishing.org",
  volume =	 279,
  number =	 1742,
  pages =	 "3520--3526",
  year =	 2012
}

@article{sousa2013,
  title =	 "Understanding the origin of species with
                  genome-scale data: modelling gene flow",
  author =	 "Sousa, Vitor and Hey, Jody",
  journal =	 "Nat. Rev. Genet.",
  publisher =	 "nature.com",
  volume =	 14,
  number =	 6,
  pages =	 "404--414",
  year =	 2013
}

@article{stephan2016,
  title =	 "Signatures of positive selection: from selective
                  sweeps at individual loci to subtle allele frequency
                  changes in polygenic adaptation",
  author =	 "Stephan, Wolfgang",
  journal =	 "Mol. Ecol.",
  publisher =	 "Wiley Online Library",
  volume =	 25,
  number =	 1,
  pages =	 "79--88",
  year =	 2016
}

@article{sukumaran2016,
  title =	 {Machine learning biogeographic processes from biotic
                  patterns: A new trait-dependent dispersal and
                  diversification model with model choice by
                  simulation-trained discriminant analysis},
  author =	 {Sukumaran, Jeet and Economo, Evan P and Knowles, L
                  Lacey},
  journal =	 {Systematic biology},
  volume =	 65,
  number =	 3,
  pages =	 {525--545},
  year =	 2016,
  publisher =	 {Oxford University Press}
}

@article{sunnaker2013,
  title =	 "Approximate Bayesian Computation",
  author =	 "Sunn{\aa}ker, M and Busetto, A G and Numminen, E and
                  Corander, J and Foll, M and Dessimoz, C",
  journal =	 "PLoS Comput. Biol.",
  volume =	 9,
  number =	 1,
  pages =	 "e1002803. doi:10.1371/journal.pcbi.1002803",
  year =	 2013
}

@article{taberlet2012,
  title =	 {Towards next-generation biodiversity assessment
                  using DNA metabarcoding},
  author =	 {Taberlet, Pierre and Coissac, Eric and Pompanon,
                  Francois and Brochmann, Christian and Willerslev,
                  Eske},
  journal =	 {Molecular Ecology},
  volume =	 21,
  number =	 8,
  pages =	 {2045--2050},
  year =	 2012,
  publisher =	 {Wiley Online Library}
}

@article{tajima1983,
  title =	 "Evolutionary relationship of {DNA} sequences in
                  finite populations",
  author =	 "Tajima, F",
  journal =	 "Genetics",
  volume =	 105,
  pages =	 "437--460",
  year =	 1983
}

@article{tajima1989,
  title =	 "Statistical method for testing the neutral mutation
                  hypothesis by {DNA} polymorphism",
  author =	 "Tajima, F",
  journal =	 "Genetics",
  volume =	 123,
  pages =	 "585--595",
  year =	 1989
}

@article{tang2014,
  title =	 {Multiplex sequencing of pooled mitochondrial
                  genomes—a crucial step toward biodiversity analysis
                  using mito-metagenomics},
  author =	 {Tang, Min and Tan, Meihua and Meng, Guanliang and
                  Yang, Shenzhou and Su, Xu and Liu, Shanlin and Song,
                  Wenhui and Li, Yiyuan and Wu, Qiong and Zhang,
                  Aibing and others},
  journal =	 {Nucleic acids research},
  volume =	 42,
  number =	 22,
  pages =	 {e166--e166},
  year =	 2014,
  publisher =	 {Oxford Univ Press}
}

@article{terhorst2015,
  title =	 "Fundamental limits on the accuracy of demographic
                  inference based on the sample frequency spectrum",
  author =	 "Terhorst, Jonathan and Song, Yun S",
  journal =	 "Proc. Natl. Acad. Sci. U. S. A.",
  publisher =	 "National Acad Sciences",
  volume =	 112,
  number =	 25,
  pages =	 "7677--7682",
  year =	 2015
}

@article{terhorst2016,
  title =	 "Robust and scalable inference of population history
                  from hundreds of unphased whole genomes",
  author =	 "Terhorst, Jonathan and Kamm, John A and Song, Yun S",
  journal =	 "Nat. Genet.",
  publisher =	 "nature.com",
  year =	 2016
}

@article{tilman2004,
  title =	 "Niche tradeoffs, neutrality, and community
                  structure: a stochastic theory of resource
                  competition, invasion, and community assembly",
  author =	 "Tilman, David",
  journal =	 "Proc. Natl. Acad. Sci. U. S. A.",
  publisher =	 "National Acad Sciences",
  volume =	 101,
  number =	 30,
  pages =	 "10854--10861",
  year =	 2004
}

@article{vanoverbeke2015,
  title =	 "Community assembly is a race between immigration and
                  adaptation: eco-evolutionary interactions across
                  spatial scales",
  author =	 "Vanoverbeke, J and Urban, M C and Meester, L",
  journal =	 "Ecography",
  publisher =	 "Wiley Online Library",
  year =	 2015
}

@article{veeramah2014,
  title =	 "The impact of whole-genome sequencing on the
                  reconstruction of human population history",
  author =	 "Veeramah, Krishna R and Hammer, Michael F",
  journal =	 "Nat. Rev. Genet.",
  publisher =	 "nature.com",
  volume =	 15,
  number =	 3,
  pages =	 "149--162",
  year =	 2014
}

@article{vellend2005amnat,
  title =	 "Species diversity and genetic diversity: parallel
                  processes and correlated patterns",
  author =	 "Vellend, Mark",
  journal =	 "Am. Nat.",
  publisher =	 "JSTOR",
  volume =	 166,
  number =	 2,
  pages =	 "199--215",
  year =	 2005
}

@article{vellend2005ecollett,
  title =	 "Connections between species diversity and genetic
                  diversity",
  author =	 "Vellend, Mark and Geber, Monica A",
  journal =	 "Ecol. Lett.",
  publisher =	 "Blackwell Science Ltd",
  volume =	 8,
  number =	 7,
  pages =	 "767--781",
  year =	 2005
}

@article{vellend2014,
  title =	 "Drawing ecological inferences from coincident
                  patterns of population- and community-level
                  biodiversity",
  author =	 "Vellend, Mark and Lajoie, Genevi{\`e}ve and Bourret,
                  Audrey and M{\'u}rria, Cesc and Kembel, Steven W and
                  Garant, Dany",
  journal =	 "Mol. Ecol.",
  volume =	 23,
  number =	 12,
  pages =	 "2890--2901",
  year =	 2014
}

@article{venkataraman2015,
  title =	 "Application of a neutral community model to assess
                  structuring of the human lung microbiome",
  author =	 "Venkataraman, Arvind and Bassis, Christine M and
                  Beck, James M and Young, Vincent B and Curtis,
                  Jeffrey L and Huffnagle, Gary B and Schmidt, Thomas
                  M",
  journal =	 "MBio",
  volume =	 6,
  number =	 1,
  year =	 2015
}

@article{wagner2006,
  title =	 "Abundance distributions imply elevated complexity of
                  post-Paleozoic marine ecosystems",
  author =	 "Wagner, Peter J and Kosnik, Matthew A and Lidgard,
                  Scott",
  journal =	 "Science",
  publisher =	 "science.sciencemag.org",
  volume =	 314,
  number =	 5803,
  pages =	 "1289--1292",
  year =	 2006
}

@book{wakeley2008,
  title =	 "Coalescent Theory",
  author =	 "Wakeley, J",
  publisher =	 "Roberts and Company Publishers",
  year =	 2008
}

@article{wallington2005,
  title =	 "Implications of current ecological thinking for
                  biodiversity conservation: A review of the salient
                  issues",
  author =	 "Wallington, Tabatha J and Hobbs, Richards J and
                  Moore, Susan A",
  journal =	 "Ecol. Soc.",
  volume =	 10,
  number =	 1,
  year =	 2005
}

@article{webb2002,
  title =	 "Phylogenies and community ecology",
  author =	 "Webb, C O and Ackerly, D D and McPeek, M A and
                  Donoghue, M J",
  journal =	 "Annu. Rev. Ecol. Syst.",
  volume =	 33,
  pages =	 "475--505",
  year =	 2002
}

@article{white2012,
  title =	 "Characterizing species abundance distributions
                  across taxa and ecosystems using a simple maximum
                  entropy model",
  author =	 "White, Ethan P and Thibault, Katherine M and Xiao,
                  Xiao",
  journal =	 "Ecology",
  volume =	 93,
  number =	 8,
  pages =	 "1772--1778",
  year =	 2012
}

@article{xiao2015,
  title =	 "A strong test of the maximum entropy theory of
                  ecology",
  author =	 "Xiao, Xiao and McGlinn, Daniel J and White, Ethan P",
  journal =	 "Am. Nat.",
  publisher =	 "JSTOR",
  volume =	 185,
  number =	 3,
  pages =	 "E70--E80",
  year =	 2015
}

@article{xu2016,
  title =	 "Challenges in Species Tree Estimation Under the
                  Multispecies Coalescent Model",
  author =	 "Xu, Bo and Yang, Ziheng",
  journal =	 "Genetics",
  publisher =	 "Genetics Soc America",
  volume =	 204,
  number =	 4,
  pages =	 "1353--1368",
  year =	 2016
}

@article{xue2015,
  title =	 "The aggregate site frequency spectrum ({aSFS}) for
                  comparative population genomic inference",
  author =	 "Xue, Alexander T and Hickerson, Michael J",
  journal =	 "Mol. Ecol.",
  publisher =	 "Wiley Online Library",
  year =	 2015
}

@article{yang2017,
  title =	 "Can genomic data alone tell us whether speciation
                  happened with gene flow?",
  author =	 "Yang, Ming and He, Ziwen and Shi, Suhua and Wu,
                  Chung-I",
  journal =	 "Mol. Ecol.",
  publisher =	 "Wiley Online Library",
  year =	 2017
}

@article{zhou2013,
  title =	 {Ultra-deep sequencing enables high-fidelity recovery
                  of biodiversity for bulk arthropod samples without
                  PCR amplification},
  author =	 {Zhou, Xin and Li, Yiyuan and Liu, Shanlin and Yang,
                  Qing and Su, Xu and Zhou, Lili and Tang, Min and Fu,
                  Ribei and Li, Jiguang and Huang, Quanfei},
  journal =	 {Gigascience},
  volume =	 2,
  number =	 1,
  pages =	 4,
  year =	 2013,
  publisher =	 {BioMed Central}
}

@article{harmon2015amNat,
  title =	 {Species Diversity Is Dynamic and Unbounded at Local
                  and Continental Scales},
  author =	 {Harmon, Luke J and Harrison, Susan},
  journal =	 {The American Naturalist},
  volume =	 185,
  number =	 5,
  pages =	 {584--593},
  year =	 2015
}
